Untuk setiap referensi, baris pertama (Newton1687) merupakan label dan baris-baris berikutnya
merupakan atribut dari referensi yang akan digunakan. Umumnya, format referensi berikut sudah
disediakan oleh penyedia sumber referensi secara online dan bisa langsung digunakan di sini.

Lihat https://www.bibtex.com/g/bibtex-format/ untuk informasi lebih lanjut mengenai format
BibTex yang digunakan pada file ini.

@article{suratkementriantenagakerja,
  author = {Kementrian Tenaga Kerja dan Transmigrasi Republik Indonesia},
  number = {PER.08/MEN/VII/2010},
  title  = {Peraturan menteri tenaga kerja dan transmigrasi republik indonesia  tentang alat pelindung diri},
  year   = {2010}
}

@article{kementrianpekerjaanumum,
  author = {Kementerian Pekerjaan Umum dan Perumahan Rakyat},
  number = {05/PRT/M/2014},
  title  = {Peraturan Menteri Pekerjaan Umum dan Perumahan Rakyat tentang Pedoman Sistem Manajemen Keselamatan dan Kesehatan Kerja (SMK3) Konstruksi Bidang Pekerjaan Umum},
  year   = {2014}
}

@article{masrully2019menakar,
  title   = {Menakar Implementasi Kebijakan Keselamatan dan Kesehatan Kerja di Indonesia},
  author  = {Masrully},
  journal = {Jurnal Wacana Kinerja: Kajian Praktis-Akademis Kinerja dan Administrasi Pelayanan Publik},
  volume  = {22},
  number  = {1},
  pages   = {17--36},
  year    = {2019}
}

@article{miftachul_2021,
  author  = {Ulum, Miftachul and Zakariya, Muhammad and Fiqhi I, Achmad and Haryanto},
  journal = {Informatics, Electrical and Electronics Engineering (Infotron)},
  doi     = {http://dx.doi.org/10.33474/infotron.v1i1.11236},
  title   = {Rancang Sistem Pendeteksi Alat Pelindung Diri Berbasis Image Prosessing},
  year    = {2021}
}

@article{permen21prtm2019pedomansistemmanajemenkeselamatankonstruksi,
  author = {Kementrian Tenaga Kerja dan Transmigrasi Republik Indonesia},
  number = {PER.08/MEN/VII/2010},
  title  = {Peraturan menteri tenaga kerja dan transmigrasi republik indonesia  tentang alat pelindung diri},
  year   = {2010}
}

@misc{satudata_kecelakaan_kerja,
  title   = {Data Kecelakaan dan Penyakit Akibat Kerja Triwulan II 2020},
  url     = {https://satudata.kemnaker.go.id/details/data/Kasus%20kecelakaan%20kerja%20yang%20terjadi%20pada%20triwulan%20II%20tahun%202020%20tercatat%20sekitar%203.174%20kasus},
  year    = {2020},
  urldate = {09 - Dec - 2021}
}

@misc{pelatihank3_kutipan_bpjs_data_kecelakaan_kerja,
  author = {Pelatihan Ahli K3 Umum},
  title  = {Grafik Kecelakaan Kerja Di Indonesia 5 Tahun Terakhir},
  url    = {https://www.pelatihank3.co.id/informasi/grafik-kecelakaan-kerja-diindonesia-5-tahun-terakhir.html},
  year   = {2022}
}

@book{szeliski2010computer,
  title     = {Computer vision: algorithms and applications},
  author    = {Szeliski, Richard},
  year      = {2010},
  publisher = {Springer Science \& Business Media}
}

@book{margaret2008mind,
  title     = {Mind as machine: A history of cognitive science},
  author    = {Margaret A. Boden},
  year      = {2008},
  publisher = {Oxford University Press}
}
@book{Goodfellow-et-al-2016,
  title     = {Deep Learning},
  author    = {Ian Goodfellow and Yoshua Bengio and Aaron Courville},
  publisher = {MIT Press},
  note      = {\url{http://www.deeplearningbook.org}},
  year      = {2016}
}

@article{felzenszwalb2010object,
  title     = {Object detection with discriminatively trained part-based models},
  author    = {Felzenszwalb, Pedro F and Girshick, Ross B and McAllester, David and Ramanan, Deva},
  journal   = {IEEE transactions on pattern analysis and machine intelligence},
  volume    = {32},
  number    = {9},
  pages     = {1627--1645},
  year      = {2010},
  publisher = {IEEE}
}

@article{zhao2019object,
  title     = {Object detection with deep learning: A review},
  author    = {Zhao, Zhong-Qiu and Zheng, Peng and Xu, Shou-tao and Wu, Xindong},
  journal   = {IEEE transactions on neural networks and learning systems},
  volume    = {30},
  number    = {11},
  pages     = {3212--3232},
  year      = {2019},
  publisher = {IEEE}
}

@inproceedings{girshick2014rich,
  title     = {Rich feature hierarchies for accurate object detection and semantic segmentation},
  author    = {Girshick, Ross and Donahue, Jeff and Darrell, Trevor and Malik, Jitendra},
  booktitle = {Proceedings of the IEEE conference on computer vision and pattern recognition},
  pages     = {580--587},
  year      = {2014}
}

@phdthesis{putra2016klasifikasi,
  title  = {Klasifikasi citra menggunakan convolutional neural network (CNN) pada caltech 101},
  author = {Putra, IWSE},
  year   = {2016},
  school = {Institut Teknologi Sepuluh Nopember}
}

@article{springenberg2014striving,
  title   = {Striving for simplicity: The all convolutional net},
  author  = {Springenberg, Jost Tobias and Dosovitskiy, Alexey and Brox, Thomas and Riedmiller, Martin},
  journal = {arXiv preprint arXiv:1412.6806},
  year    = {2014}
}

@incollection{kim2017convolutional,
  title     = {Convolutional neural network},
  author    = {Kim, Phil},
  booktitle = {MATLAB deep learning},
  pages     = {121--147},
  year      = {2017},
  publisher = {Springer}
}

@article{kim2018safety,
  title     = {Safety helmet wearing management system for construction workers using three-axis accelerometer sensor},
  author    = {Kim, Sung Hun and Wang, Changwon and Min, Se Dong and Lee, Seung Hyun},
  journal   = {Applied Sciences},
  volume    = {8},
  number    = {12},
  pages     = {2400},
  year      = {2018},
  publisher = {Multidisciplinary Digital Publishing Institute}
}

@misc{redmon2016you,
  title         = {You Only Look Once: Unified, Real-Time Object Detection},
  author        = {Joseph Redmon and Santosh Divvala and Ross Girshick and Ali Farhadi},
  year          = {2016},
  eprint        = {1506.02640},
  archiveprefix = {arXiv},
  primaryclass  = {cs.CV}
}

@article{Ferdous2022,
  author = {Md. Ferdous and Sk. Md. Masudul Ahsan},
  title  = {{CHVG Dataset}},
  year   = {2022},
  month  = {4},
  url    = {https://figshare.com/articles/dataset/CHVG_Dataset/19625166},
  doi    = {10.6084/m9.figshare.19625166.v1}
}

@article{wang2022yolov7,
  title   = {{YOLOv7}: Trainable bag-of-freebies sets new state-of-the-art for real-time object detectors},
  author  = {Wang, Chien-Yao and Bochkovskiy, Alexey and Liao, Hong-Yuan Mark},
  journal = {arXiv preprint arXiv:2207.02696},
  year    = {2022}
}

@book{anizar2012,
  author    = {Anizar},
  publisher = {Yogyakarta: Graha Ilmu},
  title     = {Teknik Keselamatan dan Kesehatan Kerja di Industri},
  year      = {2012}
}

@book{k3ptglobal,
  author    = {Cici Aprilliani et al},
  editor    = {Afridon},
  publisher = {PT. GLOBAL EKSEKUTIF TEKNOLOGI},
  title     = {KESELAMATAN DAN KESEHATAN KERJA (K3)},
  year      = {2022}
}

@book{sumamur2014,
  author    = {Suma'mur},
  publisher = {Yogyakarta: Sagung Seto},
  title     = {Higiene Perusahaan dan Kesehatan Kerja (HIPERKES)},
  year      = {2014}
}

@misc{yolov7explain,
  author = {Kukil and Rath, Sovit},
  url    = {https://learnopencv.com/yolov7-object-detection-paper-explanation-and-inference/},
  title  = {YOLOv7 Object Detection Paper Explanation and Inference},
  year   = {2022}
}

@misc{strukturyolo,
  author = {Jacob Solawetz},
  url    = {https://blog.roboflow.com/yolov7-breakdown/},
  title  = {YOLOv7 Breakdown},
  year   = {2022}
}

 @article{ferdous_ahsan_2022,
  title   = {PPE Detector: A yolo-based architecture to detect personal protective equipment (PPE) for construction sites},
  volume  = {8},
  doi     = {10.7717/peerj-cs.999},
  journal = {PeerJ Computer Science},
  author  = {Ferdous, Md. and Ahsan, Sk. Md.},
  year    = {2022}
} 